
@Article{Pearl_1988,
author = "Pearl, J.",
title = "Probabilistic reasoning in intelligent systems: networks of plausible inference",
journal = "Morgan Kaufman Publishers, Inc.",
year = "1988"
}

@Book{PGM_2009,
author = "Koller, D. and Friedman, N.",
title = "Probabilistic graphical models: principles and techniques",
publisher = "The MIT Press",
year = "2009"
}

@Book{DMU_2015,
author = "Kochenderfer, M. J.",
title = "Decision making under uncertainty",
publisher = "MIT Lincoln Laboratory Series",
year = "2015"
}

@Article{Weiss_2011,
author = "Weiss, Y. and Freeman, W. T.",
title = "Correctness of belief propagation in gaussian graphical models of arbitrary topology",
journal = "Neural Computation",
year = "2001"
}

@InProceedings{Ihler_2009,
author = "Ihler, A. and McAllester, D.",
title = "Particle belief propagation",
booktitle = "Artificial Intelligence and Statistics",
year = "2009"
}

@InProceedings{Dougherty_1995,
author = "Dougherty, J. and Kohavi, R. and Sahami, M.",
title = "Supervised and unsupervised discretization of continuous features",
booktitle = "12th International Conference on Maching Learning (ICML)",
year = "1995",
publisher = "Morgan Kaufman Publishers, San Francisco, CA"
}

@InProceedings{Kerber_1992,
author = "Kerber, R.",
title = "ChiMerge: Discretization of numeric attributes",
booktitle = "10th National Conference on Artificial Intelligence",
year = "1992",
publisher = "MIT Press",
pages = "pp.123-128"
}

@Article{Holte_1993,
author = "Holte, R.C.",
title = "Very simple classification rules perform well on most commonly used datasets",
journal = "Machine Learning",
year = "1993",
volume = "11",
pages = "pp.63-90"
}

@InProceedings{Fayyad_1993,
author = "Fayyad, U.M. and Irani, K.B.",
title = "Multi-interval discretization of continuous-valued attributes for classification learning",
booktitle = "13th International Joint Conference on Artificial Intelligence",
year = "1993",
publisher = "Morgan Kaufman",
pages = "pp.1022-1027"
}


@Article{Fried_naive,
author = "Friedman, N. and Geiger, D. and Goldszmidt, M.",
title = "Bayesian network classifiers",
journal = "Machine Learning",
year = "1997",
volume = "29",
pages = "pp.131-163"
}

@InProceedings{Friedman_1996,
author = "Friedman, N. and Goldszmidt, M.",
title = "Discretizing continuous attributes while learning Bayesian networks",
booktitle = "13th International Conference on Maching Learning (ICML)",
year = "1996",
publisher = "Morgan Kaufman Publishers, San Francisco, CA"
}

@InProceedings{Kozlov_1997,
author = "Kozlov, A.V. and Koller, D.",
title = "Nonuniform dynamic discretization in hybrid networks",
booktitle = "13th International Conference on Uncertainty in Artificial Intelligence (UAI)",
year = "1997"
}

@InProceedings{Monti_1998,
author = "Monti, S. and Cooper, G.F.",
title = "A multivariate discretization method for learning Bayesian networks from mixed data",
booktitle = "14th International Conference on Uncertainty in Artificial Intelligence (UAI)",
year = "1998"
}


@Article{Boulle_2006,
author = "Boull\'e, M.",
title = "MODL: A Bayes optimal discretization method for continuous attributes",
journal = "Machine Learning",
year = "2006",
pages = "pp131-165"
}

@Article{Lustgarten_2011,
author = "Lustgarten, J. L. and Viswewaran, S. and Gopalakrishnan V. and Cooper, G. F.",
title = "Application of An Efficient Bayesian Discretization Method to Biomedical Data",
journal = "BMC Bioinformatics",
year = "2011"
}

@Article{K2,
author = "Cooper, G. F. and Herskovits, E.",
title = "A Bayes method for the induction of probabilistic network from data",
journal = "Machine Learning",
year = "1992",
volume = "9",
pages = "pp.309-147"
}

@Book{algo_2009,
author = "Cormen, T. H. and Leiserson, C. E. and Rivest, R. L. and Stain, C.",
title = "Introduction to algorithms",
publisher = "The MIT Press",
year = "2009",
edition = "3"
}

@InProceedings{Steck_2007,
author = "Stech, H. and Jaakkola, T.",
title = "Predictive discretization during model selection",
booktitle = "11th International Conference on Artificial Intelligence and Statistics",
year = "2007"
}

@Article{VL_2000,
author = "Vit\'enyi, P. M. B. and Li, M.",
title = "Minimum description length induction, Bayesianism, and Kolmogorov complexity",
journal = "IEEE Transactions on Information Theory",
volum = "46",
year = "2000"
}

@Article{MDL_1978,
author = "Rissanen, J.",
title = "Modeling by shortest data description",
journal = "Automatica",
volum = "14",
year = "1978",
pages = "pp.465-471"
}

@Book{Grunwald_2009,
author = "Gr{\"u}nwald, P. D.",
title = "Minimum description length principle",
publisher = "The MIT Press",
year = "2007"
}